<collection xmlns="http://www.loc.gov/MARC21/slim">
<record>
  <leader>01058nam0a2200241 i 450 </leader>
  <controlfield tag="001">IT\ICCU\CNCE\006567</controlfield>
  <controlfield tag="005">19970101000000.0</controlfield>
  <datafield tag="012" ind1=" " ind2=" ">
    <subfield code="a">rain a:a, i,ar mitr (3) 1555 (R)</subfield>
    <subfield code="2">fei</subfield>
  </datafield>
  <datafield tag="100" ind1=" " ind2=" ">
    <subfield code="a">19970101d1555        0itac0103    ba</subfield>
  </datafield>
  <datafield tag="101" ind1=" " ind2=" ">
    <subfield code="a">ITA</subfield>
  </datafield>
  <datafield tag="102" ind1=" " ind2=" ">
    <subfield code="a">IT</subfield>
  </datafield>
  <datafield tag="200" ind1="1" ind2=" ">
    <subfield code="a">Della consolazione della filosofia. Tradotto ... da Benedetto Varchi</subfield>
  </datafield>
  <datafield tag="210" ind1=" " ind2=" ">
    <subfield code="a">In Firenze</subfield>
    <subfield code="c">\Lorenzo Torrentino!</subfield>
    <subfield code="d">1555</subfield>
  </datafield>
  <datafield tag="215" ind1=" " ind2=" ">
    <subfield code="a">177, \1! p.</subfield>
    <subfield code="d">4ʻ</subfield>
  </datafield>
  <datafield tag="620" ind1=" " ind2=" ">
    <subfield code="a">IT</subfield>
    <subfield code="d">Firenze</subfield>
  </datafield>
  <datafield tag="700" ind1=" " ind2="1">
    <subfield code="a">Boethius,</subfield>
    <subfield code="b">Anicius Manlius Torquatus Severinus</subfield>
    <subfield code="3">IT\ICCU\CNCA\000282</subfield>
  </datafield>
  <datafield tag="702" ind1=" " ind2="1">
    <subfield code="a">Varchi,</subfield>
    <subfield code="b">Benedetto</subfield>
    <subfield code="3">IT\ICCU\CNCA\001103</subfield>
  </datafield>
  <datafield tag="712" ind1="0" ind2="0">
    <subfield code="a">Torrentino, Lorenzo</subfield>
    <subfield code="3">IT\ICCU\CNCT\000169</subfield>
    <subfield code="4">650</subfield>
  </datafield>
  <datafield tag="790" ind1=" " ind2="1">
    <subfield code="a">Boethius,</subfield>
    <subfield code="b">Seuerinus</subfield>
    <subfield code="3">IT\ICCU\CNCA\012816</subfield>
    <subfield code="z">Boethius, Anicius Manlius Torquatus Severinus</subfield>
  </datafield>
  <datafield tag="790" ind1=" " ind2="1">
    <subfield code="a">Boezio,</subfield>
    <subfield code="b">Anicio Manlio Torquato Severino</subfield>
    <subfield code="3">IT\ICCU\CNCA\012817</subfield>
    <subfield code="z">Boethius, Anicius Manlius Torquatus Severinus</subfield>
  </datafield>
  <datafield tag="791" ind1="0" ind2="0">
    <subfield code="a">Torrentinus, Laurentius</subfield>
    <subfield code="3">IT\ICCU\CNCT\005585</subfield>
    <subfield code="z">Torrentino, Lorenzo</subfield>
  </datafield>
  <datafield tag="801" ind1=" " ind2="3">
    <subfield code="a">IT</subfield>
    <subfield code="b">ICCU</subfield>
    <subfield code="c">20201113</subfield>
  </datafield>
  <datafield tag="899" ind1=" " ind2=" ">
    <subfield code="a">Biblioteca comunale Forteguerriana. Pistoia</subfield>
    <subfield code="1">PT0025</subfield>
    <subfield code="2">RT1 IE</subfield>
  </datafield>
</record>
</collection>
